@article{Akcakayaetal2003,
   author = {Akcakaya, H. R. and Halley, J. M. and Inchausti, P.},
   title = {Population-level mechanisms for reddened spectra in ecological time series},
   journal = {Journal of Animal Ecology},
   volume = {72},
   number = {4},
   pages = {698-702},
   year = {2003}
}

@article{Alilietal2005,
   author = {Alili, L. and Patie, P. and Pedersen, J. L.},
   title = {Representations of the first hitting time density of an Ornstein-Uhlenbeck process},
   journal = {Stochastic Models},
   volume = {21},
   pages = {967-980},
   year = {2005}
}

@article{Allen2003,
   author = {Allen, Linda J. S. },
   title = {Risk of population extinction due to demographic stochasticity in population models},
   journal = {Comments on Theoretical Biology },
   volume = {8},
   pages = {433 - 454},
   year = {2003}
}

@book{Aoki1987,
   author = {Aoki, M.},
   title = {State space modeling of time series},
   publisher = {Springer},
   address = {New York},
   year = {1987}
}

@article{ArinoPimm1995,
   author = {Ari\~{n}o, A. and Pimm, S.},
   title = {On the nature of population extremes},
   journal = {Evolutionary Ecology},
   volume = {9},
   pages = {423-443},
   year = {1995}
}

@article{BeissingerWestphal1998,
   author = {Beissinger, S. R. and Westphal, M. I.},
   title = {On the use of demographic models of population viability in endangered species management},
   journal = {Journal of Wildlife Management},
   volume = {62},
   number = {3},
   pages = {821-841},
   year = {1998}
}

@article{BengtssonCavanaugh2006,
   author = {Bengtsson, Thomas and Cavanaugh, Joseph E.},
   title = {An improved {A}kaike information criterion for state-space model selection},
   journal = {Computational Statistics and Data Analysis},
   volume = {50},
   number = {10},
   pages = {2635-2654},
   year = {2006}
}

@article{Biernackietal2003,
   author = {Biernacki, Christophe and Celeux, Gilles and Govaert, G{\'e}rard},
   title = {Choosing starting values for the {EM} algorithm for getting the highest likelihood in multivariate Gaussian mixture models},
   journal = {Computational Statistics and Data Analysis},
   volume = {41},
   number = {3-4},
   pages = {561-575},
   year = {2003}
}

@book{Bolker2008,
   author = {Bolker, Benjamin M.},
   title = {Ecological models and data in R},
   publisher = {Princeton University Press},
   address = {Princeton, NJ},
   year = {2008}
}

@misc{Borman2009,
   author = {Borman, Sean},
   title = {The Expectation Maximization Algorithm - A short tutorial},
   year = {2009}
}

@article{Boyce1992,
   author = {Boyce, M. S.},
   title = {Population viability analysis},
   journal = {Annual Review of Ecology and Systematics},
   volume = {23},
   pages = {481-506},
   year = {1992}
}

@book{BrockwellDavis1991,
   author = {Brockwell, Peter J.  and Davis, Richard A.},
   title = {Time series: theory and methods},
   publisher = {Springer-Verlag},
   address = {New York, NY},
   year = {1991}
}

@article{Bucklandetal2007,
   author = {Buckland, Stephen T. and Newman, Ken B. and Fern{\'a}ndez, Carmen and Thomas, Len and Harwood, John},
   title = {Embedding population dynamics models in inference},
   journal = {Statistical Science},
   volume = {22},
   pages = {44-58},
   year = {2007}
}

@article{Bucklandetal2004,
   author = {Buckland, S. T. and Newman, K. B. and Thomas, L. and Koesters, N. B.},
   title = {State-space models for the dynamics of wild animal populations},
   journal = {Ecological Modelling},
   volume = {171},
   pages = {157-175},
   year = {2004}
}

@book{BurnhamAnderson2002,
   author = {Burnham, K. P. and Anderson, D. R.},
   title = {Model selection and multi-model inference},
   publisher = {Springer Publishing},
   address = {New York, NY},
   year = {2002}
}

@article{Calderetal2003,
   author = {Calder, C. and Lavine, M. and M{\"u}ller, P. and Clark, J. S.},
   title = {Incorporating multiple sources of stochasticity into dynamic population models},
   journal = {Ecology},
   volume = {84},
   number = {6},
   pages = {1395-1402},
   year = {2003}
}

@article{Carlinetal1992,
   author = {Carlin, B. P. and Polson, N. G. and Stoffer, D. S.},
   title = {A Monte Carlo approach to nonnormal and nonlinear state-space modeling},
   journal = {Journal of the American Statistical Association},
   volume = {87},
   pages = {493-500},
   year = {1992}
}

@book{Caswell2001,
   author = {Caswell, H.},
   title = {Matrix population models: construction, analysis, and interpretation},
   publisher = {Sinauer},
   address = {Sunderland, MA, USA},
   year = {2001}
}

@article{CavanaughShumway1996,
   author = {Cavanaugh, Joseph E. and Shumway, Robert H.},
   title = {On computing the expected {F}isher information matrix for state-space model parameters},
   journal = {Statistics and Probability Letters},
   volume = {26},
   pages = {347-355},
   year = {1996}
}

@article{CavanaughShumway1997,
   author = {Cavanaugh, Joseph E. and Shumway, Robert H.},
   title = {A bootstrap variant of {AIC} for state-space model selection},
   journal = {Statistica Sinica},
   volume = {7},
   pages = {473-496},
   year = {1997}
}

@article{ChaloupkaBalazs2007,
   author = {Chaloupka, M. and Balazs, G.},
   title = {Using Bayesian state-space modelling to assess the recovery and harvest potential of the Hawaiian green sea turtle stock},
   journal = {Ecological Modelling},
   volume = {205},
   pages = {93--109},
   year = {2007}
}

@article{CheangReinsel2000,
   author = {Cheang, W. K. and Reinsel, G. C.},
   title = {Bias reduction of autoregressive estimates in time series regression model through restricted maximum likelihood},
   journal = {Journal of the American Statistical Association},
   volume = {95},
   pages = {1173--1184},
   year = {2000}
}

@article{Cohen1977,
   author = {Cohen, J.},
   title = {Ergodicity of age structure in populations with Markovian vital rates, III: finite-state moments and growth rate; an illustration},
   journal = {Advances in Applied Probability},
   volume = {9},
   number = {462-475},
   year = {1977}
}

@book{CommandeurKoopman2007,
   author = {Commandeur, Jacques J.F. and Koopman, Siem Jan},
   title = {An introduction to state space time series analysis},
   publisher = {Oxford University Press},
   address = {Oxford},
   series = {Practical Econometrics},
   year = {2007}
}

@article{Coulsonetal2001,
   author = {Coulson, T. and Mace, G. M. and Hudson, E. and Possingham, H.},
   title = {The use and abuse of population viability analysis},
   journal = {Trends in Ecology and Evolution},
   volume = {16},
   number = {5},
   pages = {219-221},
   year = {2001}
}

@article{Coulsonetal2004,
   author = {Coulson, T. and Rohani, P. and Pascual, M.},
   title = {Skeletons, noise and population growth: the end of an old debate?},
   journal = {Trends in Ecology and Evolution},
   volume = {19},
   number = {7},
   pages = {359-364},
   year = {2004}
}

@article{Cressieetal2009,
   author = {Cressie, Noel and Calder, Catherine A. and Clark, James S. and Ver Hoef, Jay M. and Wikle, Christopher K.},
   title = {Accounting for uncertainty in ecological analysis: the strengths and limitations of hierarchical statistical modeling},
   journal = {Ecological Applications},
   volume = {10},
   number = {3},
   pages = {553-570},
   year = {2009}
}

@article{deJong1988,
   author = {de Jong, Piet},
   title = {The likelihood for a state space model},
   journal = {Biometrika},
   volume = {75},
   number = {1},
   pages = {165-169},
   year = {1988}
}

@article{deJong1989,
   author = {de Jong, Piet},
   title = {Smoothing and interpolation with the state space model},
   journal = {Journal of the American Statistical Association},
   volume = {84},
   year = {1989}
}

@article{deJongPenzer1998,
   author = {de Jong, Piet and Penzer, Jeremy},
   title = {Diagnosing shocks in time series},
   journal = {Journal of the American Statistical Association},
   volume = {93},
   number = {442},
   pages = {796-806},
   year = {1998}
}

@techreport{deJongPenzer2004,
   author = {de Jong, Piet and Penzer, Jeremy},
   title = {The {ARMA} model in state space form},
   year = {2004}
}

@article{deValpine2002,
   author = {de Valpine, Perry},
   title = {Review of methods for fitting time-series models with process and observation error and likelihood calculations for nonlinear, non-Gaussian state-space models},
   journal = {Bulletin of Marine Science},
   volume = {70},
   number = {2},
   pages = {455-471},
   year = {2002}
}

@article{deValpine2003,
   author = {de Valpine, Perry},
   title = {Better inferences from population-dynamics experiments using Monte Carlo state-space likelihood methods},
   journal = {Ecology},
   volume = {84},
   pages = {3064-3077},
   year = {2003}
}

@article{deValpine2004,
   author = {de Valpine, Perry},
   title = {Monte Carlo state-space likelihoods by weighted posterior kernel density estimation},
   journal = {Journal of the American Statistical Association},
   volume = {99},
   pages = {523-536},
   year = {2004}
}

@article{deValpineHastings2002,
   author = {de Valpine, Perry and Hastings, Alan},
   title = {Fitting population models incorporating process noise and observation error},
   journal = {Ecological Monographs},
   volume = {72},
   number = {1},
   pages = {57-76},
   year = {2002}
}

@article{deValpineHilborn2005,
   author = {de Valpine, P. and Hilborn, Ray},
   title = {State-space likelihoods for nonlinear fisheries time series},
   journal = {Canadian Journal of Fisheries and Aquatic Sciences},
   volume = {62},
   pages = {1937-1952},
   year = {2005}
}

@article{Dempsteretal1977,
   author = {Dempster, Arthur  and Laird, Nan and Rubin, Donald},
   title = {Likelihood from incomplete data via the {EM} algorithm},
   journal = {Journal of the Royal Statistical Society, Series B},
   volume = {39},
   number = {1},
   pages = {1-38},
   year = {1977}
}

@article{DennisCostantino1988,
   author = {Dennis, Brian and Costantino, R. F.},
   title = {Analysis of steady-state populations with the gamma abundance model: application to Tribolium},
   journal = {Ecology},
   volume = {69},
   pages = {1200-1213},
   year = {1988}
}

@article{Dennis2001,
   author = {Dennis, Brian and Desharnais, R. A. and Cushing, J. M. and Henson, S. M. and Costantino, R. F.},
   title = {Estimating chaos and complex dynamics in an insect population},
   journal = {Ecological Monographs},
   volume = {71},
   number = {2},
   pages = {277-303},
   year = {2001}
}

@article{Dennisetal1998,
   author = {Dennis, Brian and Kemp, W. P. and Taper, M. L.},
   title = {Joint density dependence},
   journal = {Ecology},
   volume = {79},
   number = {2},
   pages = {426-441},
   year = {1998}
}

@article{Dennisetal1991,
   author = {Dennis, Brian and Munholland, P. L. and Scott, J. M.},
   title = {Estimation of growth and extinction parameters for endangered species},
   journal = {Ecological Monographs},
   volume = {61},
   pages = {115-143},
   year = {1991}
}

@article{DennisOtten2000,
   author = {Dennis, Brian and Otten, Mark R. M.},
   title = {Joint effects of density dependence and rainfall on abundance of San Joaquin Kit Fox},
   journal = {Journal of Wildlife Management},
   volume = {64},
   number = {2},
   pages = {388-400},
   year = {2000}
}

@article{Dennisetal2006,
   author = {Dennis, Brian and Ponciano, J. M. and Lele, S. R. and Taper, M. L. and Staples, D. F.},
   title = {Estimating density dependence, process noise, and observation error},
   journal = {Ecological Monographs},
   volume = {76},
   number = {3},
   pages = {323-341},
   year = {2006}
}

@article{DennisTaper1994,
   author = {Dennis, Brian and Taper, Mark L.},
   title = {Density dependence in time series observations of natural populations: estimation and testing },
   journal = {Ecological Monographs},
   volume = {64},
   number = {2},
   pages = {205-224},
   year = {1994}
}

@book{DurbinKoopman2001,
   author = {Durbin, J. and Koopman, S. J.},
   title = {Time series analysis by state space methods},
   publisher = {Oxford University Press},
   address = {Oxford},
   pages = {253},
   year = {2001}
}

@book{DurbinKoopman2012,
   author = {Durbin, J. and Koopman, S. J.},
   title = {Time series analysis by state space methods},
   publisher = {Oxford University Press},
   address = {Oxford},
   pages = {368},
   year = {2012},
   edition = {2}
}

@article{EllnerHolmes2008,
   author = {Ellner, S. P. and Holmes, E. E.},
   title = {Resolving the debate on when extinction risk is predictable},
   journal = {Ecology Letters},
   volume = {11},
   pages = {E1-E5},
   year = {2008}
}

@book{Faraway2004,
   author = {Faraway, Julian},
   title = {Linear models with {R}},
   publisher = {CRC Press},
   year = {2004}
}

@book{Feller1968,
   author = {Feller, W.},
   title = {An introduction to probability theory and its applications},
   publisher = {Wiley},
   address = {New York, NY, USA},
   year = {1968}
}

@book{Ferguson1996,
   author = {Ferguson, Thomas S.},
   title = {A course in large sample theory},
   publisher = {Chapman and Hall},
   year = {1996}
}

@article{Gerberetal1999,
   author = {Gerber, L. R. and DeMaster, D. P. and Kareiva, P. M.},
   title = {Grey whales and the value of monitoring data in implementing the U.S. Endangered Species Act},
   journal = {Conservation Biology},
   volume = {13},
   pages = {1215-1219},
   year = {1999}
}

@techreport{GhahramaniHinton1996,
   author = {Ghahramani, Z. and Hinton, G. E.},
   title = {Parameter estimation for linear dynamical systems},
   institution = {University of Toronto, Dept. of Computer Science},
   number = {CRG-TR-96-2},
   year = {1996}
}

@article{Giordanietal2007,
   author = {Giordani, Paolo and Kohn, Robert and Dijk, Dick van},
   title = {A unified approach to nonlinearity, structural change, and outliers},
   journal = {Journal of Econometrics},
   volume = {137},
   pages = {112-133},
   year = {2007}
}

@article{Gudmundsson1994,
   author = {Gudmundsson, G.},
   title = {Time series analysis of catch-at-age observations},
   journal = {Applied Statistics},
   volume = {43},
   pages = {117-126},
   year = {1994}
}

@inbook{Hamilton1986,
   author = {Hamilton, James},
   title = {State-space models},
   booktitle = {Handbook of Econometrics},
   editor = {Engle, R. F. and McFadden, D.},
   publisher = {Elsevier},
   volume = {4},
   chapter = {50},
   pages = {3039-3080},
   year = {1986}
}

@incollection{Hamilton1994,
   author = {Hamilton, James D.},
   title = {State-space models},
   booktitle = {Handbook of Econometrics},
   editor = {Engle, R. F. and McFadden, D. L.},
   publisher = {Elsevier Science},
   volume = {IV},
   chapter = {50},
   pages = {3039-3080},
   year = {1994}
}

@article{Hamptonetal2008,
   author = {Hampton, Stephanie E.  and {Izmest'Eva}, Lyubov R. and Moore, Marianne V. and Katz, Stephen L. and Dennis, Brian and Silow, Eugene A.},
   title = {Sixty years of environmental change in the world's largest freshwater lake -- {L}ake {B}aikal, {S}iberia},
   journal = {Global Change Biology},
   volume = {14},
   pages = {1947-1958},
   year = {2008}
}

@article{Hamptonetal2006,
   author = {Hampton, Stephanie E. and Scheuerell, Mark D. and Schindler, Daniel E.},
   title = {Coalescence in the {L}ake {W}ashington story: Interaction strengths in a planktonic food web},
   journal = {Limnology and Oceanography},
   volume = {51},
   number = {5},
   pages = {2042-2051},
   year = {2006}
}

@article{HamptonSchindler2006,
   author = {Hampton, Stephanie E. and Schindler, Daniel E.},
   title = {Empirical evaluation of observation scale effects in community time series},
   journal = {Oikos},
   volume = {113},
   number = {3},
   pages = {424-439},
   year = {2006}
}

@article{Hamptonetal2013,
   author = {Hampton, S. E. and Holmes, E. E. and Pendleton, D. E. and Scheef, L.P. and Scheuerell, M. D. and Ward, E.J.},
   title = {Quantifying effects of abiotic and biotic drivers on community dynamics with multivariate autoregressive ({MAR}) models},
   journal = {Ecology},
   volume = {94},
   number = {12},
   pages = {2663-2669},
   year = {2013}
}

@article{Harveyetal1998,
   author = {Harvey, Andrew  and Koopman, Siem Jan and Penzer, Jeremy},
   title = {Messy time series: a unified approach},
   journal = {Advances in Econometrics},
   volume = {13},
   pages = {103-143},
   year = {1998}
}

@book{Harvey1989,
   author = {Harvey, Andrew C.},
   title = {Forecasting, structural time series models and the {K}alman filter},
   publisher = {Cambridge University Press},
   address = {Cambridge, UK},
   year = {1989}
}

@book{Harvey1993,
   author = {Harvey, Andrew C.},
   title = {Time series models},
   publisher = {Harvester Wheatsheaf},
   address = {London},
   edition = {2nd},
   year = {1993}
}

@article{HarveyKoopman1992,
   author = {Harvey, Andrew C. and Koopman, Siem Jan},
   title = {Diagnostic checking of unobserved components time series models},
   journal = {Journal of Business and Economic Statistics},
   volume = {10},
   number = {4},
   pages = {377-389},
   year = {1992}
}

@article{HarveyPhillips1979,
   author = {Harvey, Andrew C. and Phillips, G. D. A.},
   title = {Maximum likelihood estimation of regression models with autoregressive-moving average disturbances},
   journal = {Biometrika},
   volume = {66},
   number = {1},
   pages = {49-58},
   year = {1979}
}

@article{Helske2017,
   author = {Helske, Jouni},
   title = {KFAS: Exponential Family State Space Models in R},
   journal = {Journal of Statistical Software},
   volume = {78},
   number = {10},
   pages = {1-39},
   year = {2017},
   doi = {10.18637/jss.v078.i10}
}


@incollection{HarveyShephard1993,
   author = {Harvey, Andrew C and Shephard, Neil},
   title = {Structural time series models},
   booktitle = {Handbook of Statistics},
   volume = {11},
   editor = {Maddala, GS and Rao, CR and Vinod, HD},
   publisher = {Elsevier Science Publishers},
   address = {Amsterdam},
   chapter = {10},
   year = {1993}
}

@article{HendersonSearle1979,
   author = {Henderson, H. V. and Searle, S. R.},
   title = {Vec and vech operators for matrices, with some uses in {J}acobians and multivariate statistics},
   journal = {The Canadian Journal of Statistics},
   volume = {7},
   number = {1},
   pages = {65-81},
   year = {1979}
}

@incollection{HinrichsenHolmes2009,
   author = {Hinrichsen, R. and Holmes, E. E.},
   title = {Using multivariate state-space models to study spatial structure and dynamics},
   booktitle = {Spatial Ecology},
   editor = {Cantrell, Robert Stephen and Cosner, Chris and Ruan, Shigui},
   publisher = {CRC and Chapman Hall},
   year = {2009},
   chapter = {8},
   pages = {145-166}
}

@article{Holmes2001,
   author = {Holmes, E. E.},
   title = {Estimating risks in declining populations with poor data},
   journal = {Proceedings of the National Academy of Sciences of the United States of America},
   volume = {98},
   number = {9},
   pages = {5072-5077},
   year = {2001}
}

@article{Holmes2004,
   author = {Holmes, E. E.},
   title = {Beyond theory to application and evaluation: diffusion approximations for population viability analysis},
   journal = {Ecological Applications},
   volume = {14},
   number = {4},
   pages = {1272-1293},
   year = {2004}
}

@techreport{Holmes2010,
   author = {Holmes, E. E.},
   title = {Derivation of the {EM} algorithm for constrained and unconstrained {MARSS} models},
   institution = {arXiv:1302.3919 [stat.ME]},
   type = {Technical report},
   year = {2012}
}

@article{HolmesFagan2002,
   author = {Holmes, E. E. and Fagan, W. E.},
   title = {Validating population viability analysis for corrupted data sets},
   journal = {Ecology},
   volume = {83},
   number = {9},
   pages = {2379-2386},
   year = {2002}
}

@techreport{Holmesetal2005,
   author = {Holmes, E.E. and Fagan, W.F. and Rango, J.J. and Folarin, A. and J.A., Sorensen and Lippe, J.E. and McIntyre, N.E.},
   title = {Cross validation of quasi-extinction risks from real time series: An examination of diffusion approximation methods},
   institution = {U.S. Department of Commerce, NOAA Tech. Memo. NMFS-NWFSC-67},
   year = {2005}
}

@article{Holmesetal1994,
   author = {Holmes, E. E. and Lewis, M.A. and Banks, J. and Veit, R.},
   title = {Partial differential equation models in ecology},
   journal = {Ecology},
   volume = {75},
   pages = {17-29},
   year = {1994}
}

@article{Holmesetal2007,
   author = {Holmes, E. E. and Sabo, J. L. and Viscido, S. V. and Fagan, W. F.},
   title = {A statistical approach to quasi-extinction forecasting},
   journal = {Ecology Letters},
   volume = {10},
   number = {12},
   pages = {1182-1198},
   year = {2007}
}

@inbook{HolmesSemmens2004,
   author = {Holmes, E. E. and Semmens, B.},
   title = {Population viability analysis for metapopulations: a diffusion approximation approach},
   booktitle = {Ecology, Genetics, and Evolution of Metapopulations},
   editor = {Hanski, Illka and Gaggiotti, Oscar E.},
   publisher = {Elsevier Press},
   pages = {565-598},
   year = {2004}
}

@misc{MARSSpkg,
   author = {Holmes, E. E. and Ward, E. J.},
   title = {{MARSS}: Multivariate Autoregressive State Space modeling,},
   note = {R package version 1.0},
   year = {2010}
}

@article{Holmesetal2012,
   author = {Holmes, Elizabeth E. and Ward, Eric J. and Wills, Kellie},
   title = {{MARSS}: Multivariate autoregressive state-space models for analyzing time-series data},
   journal = {The R Journal},
   volume = {4},
   number = {1},
   pages = {11--19},
   year = {2012}
}

@techreport{HolmesWard2010,
   author = {Holmes, E. E. and Ward, E. W.},
   title = {Analyzing noisy, gappy, and multivariate population abundance data: modeling, estimation, and model selection in a maximum-likelihood framework},
   institution = {Northwest Fisheries Science Center, Mathematical Biology Program},
   year = {2010}
}

@article{Hurvichetal1990,
   author = {Hurvich, C. M. and Shumway, R. H. and Tsai, C. L.},
   title = {Improved estimators of {K}ullback-{L}eibler information for autoregressive model selection in small samples},
   journal = {Biometrika},
   volume = {77},
   pages = {709-719},
   year = {1990}
}

@article{HurvichTsai1989,
   author = {Hurvich, C. M. and Tsai, C.-L.},
   title = {Regression and time series model selection in small samples},
   journal = {Biometrika},
   volume = {76},
   pages = {297-307},
   year = {1989}
}

@article{Ives1995ec,
   author = {Ives, Anthony R.},
   title = {Measuring resilience in stochastic systems},
   journal = {Ecological Monographs},
   volume = {65},
   pages = {217--233},
   year = {1995}
}

@article{Ivesetal2010,
   author = {Ives, A. R. and Abbott, K. C. and Ziebarth, N. L.},
   title = {Analysis of ecological time series with {ARMA}(p,q) models},
   journal = {Ecology},
   volume = {91},
   number = {3},
   pages = {858--871},
   year = {2010}
}

@article{Ivesetal1999,
   author = {Ives, Anthony R. and Carpenter, S. R. and Dennis, Brian},
   title = {Community interaction webs and zooplankton responses to planktivory manipulations},
   journal = {Ecology},
   volume = {80},
   pages = {1405--1421},
   year = {1999}
}

@article{Ivesetal2003,
   author = {Ives, A. R.  and Dennis, B. and Cottingham, K. L. and Carpenter, S. R.},
   title = {Estimating community stability and ecological interactions from time-series data},
   journal = {Ecological Monographs},
   volume = {73},
   number = {2},
   pages = {301-330},
   year = {2003}
}

@article{Jeffriesetal2003,
   author = {Jeffries, Steven and Huber, Harriet and Calambokidis, John and Laake, Jeffrey},
   title = {Trends and status of harbor seals in {W}ashington {S}tate 1978-1999},
   journal = {Journal of Wildlife Management},
   volume = {67},
   number = {1},
   pages = {208-219},
   year = {2003}
}

@book{JohnsonWichern2007,
   author = {Johnson, R. A. and Wichern, D. W.},
   title = {Applied multivariate statistical analysis},
   publisher = {Prentice Hall},
   address = {Upper Saddle River, NJ},
   year = {2007}
}

@article{Kalman1960,
   author = {Kalman, R. E.},
   title = {A new approach to linear filtering and prediction problems},
   journal = {Journal of Basic Engineering},
   volume = {82},
   number = {1},
   pages = {35-45},
   year = {1960}
}

@book{KedemFokianos2002,
   author = {Kedem, Benjamin and Fokianos, Konstantinos},
   title = {Regression models for time series analysis},
   publisher = {Wiley and Sons},
   address = {Hoboken, NJ},
   series = {Wiley Series in Probability and Statistics},
   year = {2002}
}

@article{KlugCottingham2001,
   author = {Klug, J. L. and Cottingham, K. L.},
   title = {Interactions among environmental drivers: Community responses to changing nutrients and dissolved organic carbon},
   journal = {Ecology},
   volume = {82},
   number = {12},
   pages = {3390-3403},
   year = {2001}
}

@article{KohnAnsley1989,
   author = {Kohn, Robert and Ansley, Craig F.},
   title = {A fast algorithm for signal extraction, influence and cross-validation in state-space models},
   journal = {Biometrika},
   volume = {76},
   number = {1},
   pages = {65-79},
   year = {1989}
}

@article{Koopman1993,
   author = {Koopman, Siem Jan},
   title = {Distrubance smoother for state space models},
   journal = {Biometrika},
   volume = {80},
   number = {1},
   pages = {117-126},
   year = {1993}
}

@article{KoopmanDurbin2000,
   author = {Koopman, S. J. and Durbin, J.},
   title = {Fast filtering and smoothing for non-stationary time series models},
   journal = {Journal of American Statistical Assosiation},
   volume = {92},
   pages = {1630--1638},
   year = {2000}
}

@article{KoopmanDurbin2003,
   author = {Koopman, S. J. and Durbin, J.},
   title = {Filtering and smoothing of state vector for diffuse state space models},
   journal = {Journal of Time Series Analysis},
   volume = {24},
   number = {1},
   pages = {85--98},
   year = {2003},
   doi = {10.1111/1467-9892.00294}
}

@inbook{KoopmanOoms2011,
   author = {Koopman, Siem Jan and Ooms, M.},
   title = {Forecasting economic time series using unobserved components time series models},
   booktitle = {Oxford Handbook of Economic Forecasting},
   editor = {Clements, M.P. and Hendry, D.F.},
   publisher = {Oxford University Press},
   address = {Oxford},
   pages = {129--162},
   year = {2011}
}

@article{Koopmanetal1998,
   author = {Koopman, Siem Jan and Shephard, Neil and Doornik, Jurgen A.},
   title = {Statistical algorithms for models in state space using {S}sf{P}ack 2.2},
   journal = {Econometrics Journal},
   volume = {2},
   pages = {113--166},
   year = {1999}
}

@article{Lamonetal1998,
   author = {Lamon III, E.C. and Carpenter, S. R. and Stow, C. A.},
   title = {Forecasting {PCB} concentrations in {L}ake {M}ichigan salmonids: a dynamic linear model approach},
   journal = {Ecological Applications},
   volume = {8},
   pages = {659-668},
   year = {1998}
}

@article{Larralde2004,
   author = {Larralde, Hernan},
   title = {A first passage time distribution for a discrete version of the Ornstein-Uhlenbeck process},
   journal = {Journal of Physics A: Mathematical and General},
   volume = {37},
   pages = {3759-3767},
   year = {2004}
}

@article{Leleetal2007,
   author = {Lele, S. R. and Dennis, B. and Lutscher, F.},
   title = {Data cloning: easy maximum likelihood estimation for complex ecological models using {B}ayesian {M}arkov {C}hain {M}onte {C}arlo methods},
   journal = {Ecology Letters},
   volume = {10},
   number = {7},
   pages = {551-563},
   year = {2007}
}

@book{McCullaghNelder1989,
   author = {McCullagh, P. and Nelder, J. A.},
   title = {Generalized linear models},
   publisher = {Chapman and Hall},
   address = {London},
   year = {1989}
}

@book{McLachlanKrishnan2008,
   author = {McLachlan, Geoffrey J.  and Krishnan, Thriyambakam},
   title = {The {EM} algorithm and extensions},
   publisher = {John Wiley and Sons, Inc.},
   address = {Hoboken, NJ},
   edition = {2nd},
   year = {2008}
}

@article{MetaxoglouSmith2007,
   author = {Metaxoglou, K.  and Smith, A.},
   title = {Maximum likelihood estimation of {VARMA} models using a state-space {EM} algorithm},
   journal = {Journal of Time Series Analysis},
   volume = {28},
   pages = {666-685},
   year = {2007}
}

@article{MillarMeyer2000,
   author = {Millar, R. B. and Meyer, R.},
   title = {Bayesian state-space modeling of age structured data: fitting a model is just the beginning},
   journal = {Canadian Journal of Fisheries and Aquatic Sciences},
   volume = {57},
   pages = {43-50},
   year = {2000}
}

@article{Newman1998,
   author = {Newman, K. B. },
   title = {State-space modeling of animal movement and mortality with application to salmon},
   journal = {Biometrics},
   volume = {54},
   pages = {1290-1314},
   year = {1998}
}

@article{Newmanetal2006,
   author = {Newman, K. B. and Buckland, S. T. and Lindley, S. T. and Thomas, L. and Fern{\'a}ndez, C. .  },
   title = {Hidden process models for animal population dynamics},
   journal = {Ecological Applications},
   volume = {16},
   pages = {74-86},
   year = {2006}
}

@article{Newmanetal2008,
   author = {Newman, Ken B. and Fern{\'a}ndez, Carmen and Thomas, Len and Buckland, Stephen T.},
   title = {Monte carlo inference for state space models of wild animal populations},
   journal = {Biometrics},
   volume = {in press},
   year = {2008}
}

@article{Oakes1999,
   author = {Oakes, David},
   title = {Direct calculation of the information matrix via the EM algorithm},
   journal = {Journal of the Royal Statistical Society B},
   volume = {61},
   pages = {479-482},
   year = {1999}
}

@article{Olssonetal2007,
   author = {Olsson, R. K. and Petersen, K. B. and Lehn-Schioler, T.},
   title = {State-space models: from the EM algorithm to a gradient approach},
   journal = {Neural Computation},
   volume = {19},
   number = {4},
   pages = {1097-1111},
   year = {2007}
}

@techreport{PanPolitis2014,
   author = {Pan, Li and Politis, Dimitris N. },
   title = {Bootstrap prediction intervals for linear, nonlinear, and nonparametric autoregressions.  },
   institution = {UCSD.},
   year = {2014}
}

@techreport{Penzer2001,
   author = {Penzer, Jeremy},
   title = {Critical values for time series diagnostics},
   institution = {Department of Statistics, London School of Economics},
   year = {2001}
}

@book{Petrisetal2009,
   author = {Petris, Giovanni and Petrone, Sonia and Campagnoli, Patrizia},
   title = {Dynamic linear Models with {R}},
   publisher = {Springer},
   address = {London},
   series = {Use R!},
   year = {2009}
}

@book{Poleetal1994,
   author = {Pole, A. and West, M. and Harrison, J.},
   title = {Applied Bayesian forecasting and time series analysis},
   publisher = {Chapman and Hall},
   address = {New York},
   pages = {409},
   year = {1994}
}

@article{Politis2013,
   author = {Politis, Dimitris N.},
   title = {Model-free model-fitting and predictive distributions},
   journal = {Test},
   volume = {22},
   number = {2},
   pages = {183-221},
   year = {2013}
}

@book{Polya1968,
   author = {Polya, George},
   title = {Mathematics and Plausible Reasoning, Vol II},
   publisher = {Princeton University Press},
   address = {Princeton, NJ},
   year = {1968}
}

@article{Rauch1963,
   author = {Rauch, H. E.},
   title = {Solutions to the linear smoothing problem},
   journal = {IEEE Transactions on Automatic Control},
   volume = {8},
   pages = {371--372},
   year = {1963}
}

@article{Rauchetal1965,
   author = {Rauch, H. E. and Tung, F. and Striebel, C. T.},
   title = {Maximum likelihood estimation of linear dynamical systems},
   journal = {Journal of AIAA},
   volume = {3},
   pages = {1445-1450},
   year = {1965}
}

@book{Redner2001,
   author = {Redner, S. },
   title = {A guide to first-passage processes},
   publisher = {Cambridge University Press},
   address = {Cambridge, UK},
   year = {2001}
}

@article{RoweisGhahramani1999,
   author = {Roweis, S. and Ghahramani, Z.},
   title = {A unifying review of linear gaussian models},
   journal = {Neural Computation},
   volume = {11},
   pages = {305-345},
   year = {1999}
}

@article{ScheuerellWilliams2005,
   author = {Scheuerell, Mark D.  and Williams, John G.},
   title = {Forecasting climate induced changes in the survival of {S}nake {R}iver spring/summer {C}hinook salmon ({O}ncorhynchus tshawytscha).},
   journal = {Fisheries Oceanography},
   volume = {14},
   number = {6},
   pages = {448-457},
   year = {2005}
}

@article{Schweppe1965,
   author = {Schweppe, F. C.},
   title = {Evaluation of likelihood functions for {G}aussian signals},
   journal = {IEEE Transactions on Information Theory},
   volume = {IT-r},
   pages = {294-305},
   year = {1965}
}

@article{ShumwayStoffer1982,
   author = {Shumway, R. H. and Stoffer, D. S.},
   title = {An approach to time series smoothing and forecasting using the {EM} algorithm},
   journal = {Journal of Time Series Analysis},
   volume = {3},
   number = {4},
   pages = {253-264},
   year = {1982}
}

@book{ShumwayStoffer2000,
   author = {Shumway, Robert H. and Stoffer, D. S.},
   title = {Time series analysis and its applications},
   publisher = {Springer-Verlag},
   address = {New York, New York, USA},
   year = {2000}
}

@book{ShumwayStoffer2006,
   author = {Shumway, R.H. and Stoffer, D.S.},
   title = {Time series analysis and its applications},
   publisher = {Springer-Science+Business Media, LLC},
   address = {New York, New York},
   edition = {2nd},
   year = {2006}
}

@article{Spiegelhalteret2002,
   author = {Spiegelhalter, D. J. and Best, N. G. and Carlin, B. R. and van der Linde, A.},
   title = {Bayesian measures of model complexity and fit},
   journal = {Journal of the Royal Statistical Society Series B-Statistical Methodology},
   volume = {64},
   pages = {583-616},
   year = {2002}
}

@article{Staplesetal2004,
   author = {Staples, D. F. and Taper, M. L. and Dennis, B.},
   title = {Estimating population trend and process variation for {PVA} in the presence of sampling error},
   journal = {Ecology},
   volume = {85},
   number = {4},
   pages = {923-929},
   year = {2004}
}

@article{StaudenmayerBuonaccorsi2005,
   author = {Staudenmayer, J. and Buonaccorsi, J. R.},
   title = {Measurement error in linear autoregressive models},
   journal = {Journal of the American Statistical Association},
   volume = {10},
   pages = {841--852},
   year = {2005}
}

@article{StofferWall1991,
   author = {Stoffer, David S. and Wall, Kent D.},
   title = {Bootstrapping state-space models: {G}aussian maximum likelihood estimation and the {K}alman filter},
   journal = {Journal of the American Statistical Association},
   volume = {86},
   number = {416},
   pages = {1024-1033},
   year = {1991}
}

@article{Sugihara1994,
   author = {Sugihara, G.},
   title = {Nonlinear forecasting for the classification of natural time-series},
   journal = { Philosophical Transactions of the Royal Society of London Series a-Mathematical Physical and Engineering Sciences},
   volume = {348},
   number = {1688},
   pages = {477--495},
   year = {1994}
}

@article{TaperDennis1994,
   author = {Taper, M. L. and Dennis, Brian},
   title = {Density dependence in time series observations of natural populations: estimation and testing },
   journal = {Ecological Monographs},
   volume = {64},
   number = {2},
   pages = {205-224},
   year = {1994}
}

@book{Tsay2010,
   author = {Tsay, Ruey S.},
   title = {Analysis of financial time series},
   publisher = {John Wiley and Sons, Inc.},
   series = {Wiley Series in Probability and Statistics},
   year = {2010},
   address = {Hoboken, New Jersey},
   edition = {3rd},
}

@article{Wardetal2010,
   author = {Ward, E. J. and Chirakkal, H. and Gonz{\'{a}}lez-{S}u{\'{a}}rez, M. and Aurioles-{G}amboa, D. and Holmes, E. E. and Gerber, L.},
   title = {Inferring spatial structure from time-series data: using multivariate state-space models to detect metapopulation structure of {C}alifornia sea lions in the {G}ulf of {C}alifornia, {M}exico},
   journal = {Journal of Applied Ecology },
   volume = {1},
   number = {47},
   pages = {47-56},
   year = {2010}
}

@article{Wuetal1996,
   author = {Wu, L. S-Y and Pai, J. S. and Hosking, J. R. M.},
   title = {An algorithm for estimating parameters of state-space models},
   journal = {Statistics and Probability Letters},
   volume = {28},
   pages = {99-106},
   year = {1996}
}

@article{Zuuretal2003a,
   author = {Zuur, A. F. and Fryer, R. J. and Jolliffe, I. T. and Dekker, R. and Beukema, J. J.},
   title = {Estimating common trends in multivariate time series using dynamic factor analysis},
   journal = {Environmetrics},
   volume = {14},
   number = {7},
   pages = {665-685},
   year = {2003}
}

@article{ZuurPierce2004,
   author = {Zuur, A. F. and Pierce, G. J.},
   title = {Common trends in Northeast Atlantic squid time series},
   journal = {Journal of Sea Research},
   volume = {52},
   pages = {57-72},
   year = {2004}
}

@article{Zuuretal2003b,
   author = {Zuur, A. F. and Tuck, I. D. and Bailey, N.},
   title = {Dynamic factor analysis to estimate common trends in fisheries time series},
   journal = {Canadian Journal of Fisheries and Aquatic Sciences},
   volume = {60},
   number = {5},
   pages = {542-552},
   year = {2003}
}

